@Article{ Cacciari:2008gp,
    author        = "Cacciari, Matteo and Salam, Gavin P. and Soyez, Gregory",
    title         = "{The anti-$k_t$ jet clustering algorithm}",
    journal       = "JHEP",
    volume        = "04",
    year          = "2008",
    pages         = "063",
    doi           = "10.1088/1126-6708/2008/04/063",
    eprint        = "0802.1189",
    archiveprefix = "arXiv",
    primaryclass  = "hep-ph",
    reportnumber  = "LPTHE-07-03",
    slaccitation  = "%%CITATION = ARXIV:0802.1189;%%",
}

@Article{ Dokshitzer:1997in,
    author        = "Dokshitzer, Yuri L. and Leder, G. D. and Moretti, S. and Webber, B. R.",
    title         = "{Better jet clustering algorithms}",
    journal       = "JHEP",
    volume        = "08",
    year          = "1997",
    pages         = "001",
    doi           = "10.1088/1126-6708/1997/08/001",
    eprint        = "hep-ph/9707323",
    archiveprefix = "arXiv",
    primaryclass  = "hep-ph",
    reportnumber  = "CAVENDISH-HEP-97-06",
    slaccitation  = "%%CITATION = HEP-PH/9707323;%%",
}

@Inproceedings{ Wobisch:1998wt,
    author        = "Wobisch, M. and Wengler, T.",
    title         = "{Hadronization corrections to jet cross-sections in deep inelastic scattering}",
    booktitle     = "{Monte Carlo generators for HERA physics. Proceedings, Workshop, Hamburg, Germany, 1998-1999}",
    year          = "1998",
    pages         = "270-279",
    eprint        = "hep-ph/9907280",
    archiveprefix = "arXiv",
    primaryclass  = "hep-ph",
    reportnumber  = "PITHA-99-16",
    slaccitation  = "%%CITATION = HEP-PH/9907280;%%",
}

@Article{ Ellis:1993tq,
    author        = "Ellis, Stephen D. and Soper, Davison E.",
    title         = "{Successive combination jet algorithm for hadron collisions}",
    journal       = "Phys. Rev.",
    volume        = "D48",
    year          = "1993",
    pages         = "3160-3166",
    doi           = "10.1103/PhysRevD.48.3160",
    eprint        = "hep-ph/9305266",
    archiveprefix = "arXiv",
    primaryclass  = "hep-ph",
    reportnumber  = "CERN-TH-6860-93",
    slaccitation  = "%%CITATION = HEP-PH/9305266;%%",
}

@Article{ Sterman:1977wj,
    author       = "Sterman, George F. and Weinberg, Steven",
    title        = "{Jets from Quantum Chromodynamics}",
    journal      = "Phys. Rev. Lett.",
    volume       = "39",
    year         = "1977",
    pages        = "1436",
    doi          = "10.1103/PhysRevLett.39.1436",
    reportnumber = "HUTP-77/A044",
    slaccitation = "%%CITATION = PRLTA,39,1436;%%",
}

@Article{ Bethke:1991wk,
    author       = "Bethke, S. and Kunszt, Z. and Soper, D. E. and Stirling, W. James",
    title        = "{New jet cluster algorithms: Next-to-leading order QCD and hadronization corrections}",
    journal      = "Nucl. Phys.",
    volume       = "B370",
    year         = "1992",
    pages        = "310-334",
    doi          = "10.1016/S0550-3213(98)00219-3, 10.1016/0550-3213(92)90289-N",
    note         = "[Erratum: Nucl. Phys.B523,681(1998)]",
    reportnumber = "CERN-TH-6222-91",
    slaccitation = "%%CITATION = NUPHA,B370,310;%%",
}

@Article{ Catani:1991hj,
    author       = "Catani, S. and Dokshitzer, Yuri L. and Olsson, M. and Turnock, G. and Webber, B. R.",
    title        = "{New clustering algorithm for multi - jet cross-sections in e+ e- annihilation}",
    journal      = "Phys. Lett.",
    volume       = "B269",
    year         = "1991",
    pages        = "432-438",
    doi          = "10.1016/0370-2693(91)90196-W",
    reportnumber = "CAVENDISH-HEP-91-5",
    slaccitation = "%%CITATION = PHLTA,B269,432;%%",
}

@Article{ Moretti:1998qx,
    author        = "Moretti, Stefano and Lonnblad, Leif and Sjostrand, Torbjorn",
    title         = "{New and old jet clustering algorithms for electron - positron events}",
    journal       = "JHEP",
    volume        = "08",
    year          = "1998",
    pages         = "001",
    doi           = "10.1088/1126-6708/1998/08/001",
    eprint        = "hep-ph/9804296",
    archiveprefix = "arXiv",
    primaryclass  = "hep-ph",
    reportnumber  = "RAL-TR-98-033, RAL-TR-1998-033, LU-TP-98-7",
    slaccitation  = "%%CITATION = HEP-PH/9804296;%%",
}

@Article{ Cacciari:2011ma,
    author        = "Cacciari, Matteo and Salam, Gavin P. and Soyez, Gregory",
    title         = "{FastJet User Manual}",
    eprint        = "1111.6097",
    archiveprefix = "arXiv",
    primaryclass  = "hep-ph",
    reportnumber  = "CERN-PH-TH-2011-297",
    doi           = "10.1140/epjc/s10052-012-1896-2",
    journal       = "Eur. Phys. J. C",
    volume        = "72",
    pages         = "1896",
    year          = "2012",
}

@Article{ Belkin:2003_unfound4,
    author     = {Belkin, Mikhail and Niyogi, Partha},
    title      = {Laplacian Eigenmaps for Dimensionality Reduction and Data Representation},
    year       = {2003},
    issue_date = {June 2003},
    publisher  = {MIT Press},
    address    = {Cambridge, MA, USA},
    volume     = {15},
    number     = {6},
    issn       = {0899-7667},
    url        = {https://doi.org/10.1162/089976603321780317},
    doi        = {10.1162/089976603321780317},
    journal    = {Neural Comput.},
    month      = 6,
    pages      = {1373–1396},
    numpages   = {24},
}

@Inproceedings{ Shi:1997_unfound595,
    author    = {Shi, Jianbo and Malik, Jitendra},
    title     = {Normalized Cuts and Image Segmentation},
    year      = {1997},
    isbn      = {0818678224},
    publisher = {IEEE Computer Society},
    address   = {USA},
    booktitle = {Proceedings of the 1997 Conference on Computer Vision and Pattern Recognition (CVPR '97)},
    pages     = {731},
    keywords  = {image segmentation, graph partitioning, grouping},
    series    = {CVPR '97},
}

@Inproceedings{ Ng:2001_unfound543,
    author    = {Ng, Andrew Y. and Jordan, Michael I. and Weiss, Yair},
    title     = {On Spectral Clustering: Analysis and an Algorithm},
    year      = {2001},
    publisher = {MIT Press},
    address   = {Cambridge, MA, USA},
    booktitle = {Proceedings of the 14th International Conference on Neural Information Processing Systems: Natural and Synthetic},
    pages     = {849–856},
    numpages  = {8},
    location  = {Vancouver, British Columbia, Canada},
    series    = {NIPS'01},
}

@Article{ Hadjighasem:2016_unfound447,
    title     = {Spectral-clustering approach to Lagrangian vortex detection},
    author    = {Hadjighasem, Alireza and Karrasch, Daniel and Teramoto, Hiroshi and Haller, George},
    journal   = {Phys. Rev. E},
    volume    = {93},
    issue     = {6},
    pages     = {063107},
    numpages  = {17},
    year      = {2016},
    month     = {6},
    publisher = {American Physical Society},
    doi       = {10.1103/PhysRevE.93.063107},
    url       = {https://link.aps.org/doi/10.1103/PhysRevE.93.063107},
}

@Article{ HaoLi:2005_unfound114,
    author  = { {Hao Li} and G. W. {Rosenwald} and J. {Jung} and {Chen-ching Liu}},
    journal = {Proceedings of the IEEE},
    title   = {Strategic Power Infrastructure Defense},
    year    = {2005},
    volume  = {93},
    number  = {5},
    pages   = {918-933},
    doi     = {10.1109/JPROC.2005.847260},
}

@Article{ RJSanchezGarcia:2014_unfound420,
    author  = {R. J. {S\'{a}nchez-Garc\'{i}a} and M. {Fennelly} and S. {Norris} and N. {Wright} and G. {Niblo} and J. {Brodzki} and J. W. {Bialek}},
    journal = {IEEE Transactions on Power Systems},
    title   = {Hierarchical Spectral Clustering of Power Grids},
    year    = {2014},
    volume  = {29},
    number  = {5},
    pages   = {2229-2237},
}

@Misc{ UlrikevonLuxburg:2007_unfound52,
    title         = {A Tutorial on Spectral Clustering},
    author        = {Ulrike von Luxburg},
    year          = {2007},
    eprint        = {0711.0189},
    archiveprefix = {arXiv},
    primaryclass  = {cs.DS},
}

@Misc{ JamesRLee:2014_unfound736,
    title         = {Multi-way spectral partitioning and higher-order Cheeger inequalities},
    author        = {James R. Lee and Shayan Oveis Gharan and Luca Trevisan},
    year          = {2014},
    eprint        = {1111.1055},
    archiveprefix = {arXiv},
    primaryclass  = {math.MG},
}

@Article{ Chakraborty:2020vwj,
    author        = "Chakraborty, Amit and Dasmahapatra, Srinandan and Day-Hall, Henry and Ford, Billy and Jain, Shubhani and Moretti, Stefano and Olaiya, Emmanuel and Shepherd-Themistocleous, Claire",
    title         = "{Revisiting Jet Clustering Algorithms for New Higgs Boson Searches in Hadronic Final States}",
    year          = "2020",
    eprint        = "2008.02499",
    archiveprefix = "arXiv",
    primaryclass  = "hep-ph",
    slaccitation  = "%%CITATION = ARXIV:2008.02499;%%",
}

@Article{ Moretti:1994ds,
    author        = "Moretti, S. and Stirling, W. James",
    title         = "{Contributions of below threshold decays to MSSM Higgs branching ratios}",
    journal       = "Phys. Lett.",
    volume        = "B347",
    year          = "1995",
    pages         = "291-299",
    doi           = "10.1016/0370-2693(95)00088-3, 10.1016/0370-2693(95)01477-2",
    note          = "[Erratum: Phys. Lett.B366,451(1996)]",
    eprint        = "hep-ph/9412209",
    archiveprefix = "arXiv",
    primaryclass  = "hep-ph",
    reportnumber  = "hep-ph/9511351, DFTT-60-94, DTP-94-104",
    slaccitation  = "%%CITATION = HEP-PH/9412209;%%",
}

@Article{ Djouadi:1995gv,
    author        = "Djouadi, A. and Kalinowski, J. and Zerwas, P. M.",
    title         = "{Two and three-body decay modes of SUSY Higgs particles}",
    journal       = "Z. Phys.",
    volume        = "C70",
    year          = "1996",
    pages         = "435-448",
    doi           = "10.1007/s002880050121",
    eprint        = "hep-ph/9511342",
    archiveprefix = "arXiv",
    primaryclass  = "hep-ph",
    reportnumber  = "DESY-95-211, KA-TP-9-95, IFT-95-14",
    slaccitation  = "%%CITATION = HEP-PH/9511342;%%",
}

@Article{ Alwall:2011uj,
    title     = {MadGraph 5: going beyond},
    volume    = {2011},
    issn      = {1029-8479},
    url       = {http://dx.doi.org/10.1007/JHEP06(2011)128},
    doi       = {10.1007/jhep06(2011)128},
    number    = {6},
    journal   = {Journal of High Energy Physics},
    publisher = {Springer Science and Business Media LLC},
    author    = {Alwall, Johan and Herquet, Michel and Maltoni, Fabio and Mattelaer, Olivier and Stelzer, Tim},
    year      = {2011},
    month     = {6},
}

@Article{ Sjostrand:2014zea,
    title        = {An introduction to {PYTHIA} 8.2},
    volume       = {191},
    issn         = {0010-4655},
    url          = {http://www.sciencedirect.com/science/article/pii/S0010465515000442},
    doi          = {https://doi.org/10.1016/j.cpc.2015.01.024},
    pages        = {159 -- 177},
    journaltitle = {Computer Physics Communications},
    author       = {Sjostrand, Torbjorn and Ask, Stefan and Christiansen, Jesper R. and Corke, Richard and Desai, Nishita and Ilten, Philip and Mrenna, Stephen and Prestel, Stefan and Rasmussen, Christine O. and Skands, Peter Z.},
    date         = {2015},
    keywords     = {Event generators, Hadronisation, Matching and merging, Matrix elements, Multiparticle production, Multiparton interactions, Parton showers},
}

@Article{ Sirunyan:2018fpa,
    title     = {Performance of the CMS muon detector and muon reconstruction with proton-proton collisions at sqrt s=13 TeV},
    volume    = {13},
    issn      = {1748-0221},
    url       = {http://dx.doi.org/10.1088/1748-0221/13/06/P06015},
    doi       = {10.1088/1748-0221/13/06/p06015},
    number    = {06},
    journal   = {Journal of Instrumentation},
    publisher = {IOP Publishing},
    author    = {Sirunyan, A.M. and Tumasyan, A. and Adam, W. and Ambrogi, F. and Asilar, E. and Bergauer, T. and Brandstetter, J. and Brondolin, E. and Dragicevic, M. and Erö, J. and et al.},
    year      = {2018},
    month     = 6,
    pages     = {P06015–P06015},
}

@Article{ Sirunyan:2019rfa,
    title     = {Measurement of the Jet Mass Distribution and Top Quark Mass in Hadronic Decays of Boosted Top Quarks in pp Collisions at s=13 TeV},
    volume    = {124},
    issn      = {1079-7114},
    url       = {http://dx.doi.org/10.1103/PhysRevLett.124.202001},
    doi       = {10.1103/physrevlett.124.202001},
    number    = {20},
    journal   = {Physical Review Letters},
    publisher = {American Physical Society (APS)},
    author    = {Sirunyan, A. M. and Tumasyan, A. and Adam, W. and Ambrogi, F. and Bergauer, T. and Brandstetter, J. and Dragicevic, M. and Er\"o, J. and Escalante Del Valle, A. and Flechl, M. and et al.},
    year      = {2020},
    month     = 5,
}

@Article{ Lin:1991zzm,
    author  = {J. {Lin}},
    journal = {IEEE Transactions on Information Theory},
    title   = {Divergence measures based on the Shannon entropy},
    year    = {1991},
    volume  = {37},
    number  = {1},
    pages   = {145-151},
    doi     = {10.1109/18.61115},
}

@Proceedings{ Altarelli:1989hv,
    author       = "Altarelli, Guido and Kleiss, Ronald H P and Verzegnassi, Claudio",
    title        = "{Z Physics at LEP1: CERN, Geneva, Switzerland 20 - 21 Feb, 8 - 9 May and 4 - 5 Sep 1989. Workshop on Z Physics at LEP1}",
    organization = "CERN",
    publisher    = "CERN",
    address      = "Geneva",
    year         = "1989",
    url          = "https://cds.cern.ch/record/116932",
    note         = "Coordinated and supervised by G. Altarelli",
    doi          = "10.5170/CERN-1989-008-V-1",
}

@Article{ Salam:2007xv,
    author        = "Salam, Gavin P. and Soyez, Gregory",
    title         = "{A Practical Seedless Infrared-Safe Cone jet algorithm}",
    eprint        = "0704.0292",
    archiveprefix = "arXiv",
    primaryclass  = "hep-ph",
    doi           = "10.1088/1126-6708/2007/05/086",
    journal       = "JHEP",
    volume        = "05",
    pages         = "086",
    year          = "2007",
}